@online{wrike-agile-faq,
  author       = {{Wrike}},
  title        = {What Is Agile Methodology in Project Management?},
  year         = {2023},
  url          = {https://www.wrike.com/project-management-guide/faq/what-is-agile-methodology-in-project-management/}
}

@online{trello-website,
  title        = {Trello},
  url          = {https://trello.com}
}

@online{github-website,
  title        = {GitHub},
  url          = {https://github.com/}
}

@article{juliani2020,
  title={Unity: A general platform for intelligent agents},
  author={Juliani, Arthur and Berges, Vincent-Pierre and Teng, Ervin and Cohen, Andrew and Harper, Jonathan and Elion, Chris and Goy, Chris and Gao, Yuan and Henry, Hunter and Mattar, Marwan and Lange, Danny},
  journal={arXiv preprint arXiv:1809.02627},
  url={https://arxiv.org/pdf/1809.02627.pdf},
  year={2020}
}

@online{unity-docs,
    title = {Unity Documentation},
    url = {https://docs.unity.com/}
}

@online{overleaf-website,
    title = {Overleaf},
    url = {https://www.overleaf.com}
}

@online{gantter,
    title = {Gantter},
    url = {https://www.gantter.com/}
}

@online{unreal-engine-website,
    title = {Unreal Engine},
    url = {https://www.unrealengine.com/es-ES/}
}

@online{google-meet,
    title = {Google Meet},
    url = {https://meet.google.com/}
}

@online{ml-agents-github, 
    title = {Unity ML-Agents Toolkit},
    url = {https://github.com/Unity-Technologies/ml-agents}
}

@online{imitation-learning, 
    author = {{SmartLab AI}},
    title = {A brief overview of Imitation Learning},
    url = {https://smartlabai.medium.com/a-brief-overview-of-imitation-learning-8a8a75c44a9c}
}

@online{agile-figure,
    author = {{Zuci Systems}},
    title = {What is Agile Methodology?},
    url = {https://www.zucisystems.com/software-development/agile-methodology/}
}

@book{Sutton1998,
  added-at = {2019-07-13T10:11:53.000+0200},
  author = {Sutton, Richard S. and Barto, Andrew G.},
  biburl = {https://www.bibsonomy.org/bibtex/2f46601cf8b13d39d1378af0d79438b12/lanteunis},
  edition = {Second},
  interhash = {ac6b144aaec1819919a2fba9f705c852},
  intrahash = {f46601cf8b13d39d1378af0d79438b12},
  keywords = {},
  publisher = {The MIT Press},
  timestamp = {2019-07-13T10:11:53.000+0200},
  title = {Reinforcement Learning: An Introduction},
  url = {http://incompleteideas.net/book/the-book-2nd.html},
  year = {2018 }
}

@online{indeed,
    title = {Indeed},
    url = {https://es.indeed.com/career/salaries}
}

@book{Goodfellow-et-al-2016,
    title={Deep Learning},
    author={Ian Goodfellow and Yoshua Bengio and Aaron Courville},
    publisher={MIT Press},
    note={\url{http://www.deeplearningbook.org}},
    year={2016}
}

@online{openai-rl,
    title = {OpenAI Spinning Up Documentation - Part 2: Kinds of RL Algorithms},
    url = {https://spinningup.openai.com/en/latest/spinningup/rl_intro2.html}
}

@online{cheng-xi-tsou,
    title = {Introduction to Policy Gradients},
    url = {https://medium.com/nerd-for-tech/reinforcement-learning-introduction-to-policy-gradients-aa2ff134c1b}
}

@online{lilian-weng,
    title = {Policy Gradient Algorithms},
    url = {https://lilianweng.github.io/posts/2018-04-08-policy-gradient/}
}

@misc{deep-q-learning,
      title={Playing Atari with Deep Reinforcement Learning}, 
      author={Volodymyr Mnih and Koray Kavukcuoglu and David Silver and Alex Graves and Ioannis Antonoglou and Daan Wierstra and Martin Riedmiller},
      year={2013},
      eprint={1312.5602},
      archivePrefix={arXiv},
      primaryClass={cs.LG}
}

@online{alexander-van-de-kleut,
    title = {Actor-Critic Methods, Advantage Actor-Critic (A2C) and Generalized Advantage Estimation (GAE)},
    url = {https://avandekleut.github.io/a2c/#advantage-function}
}

@misc{schulman2017proximal,
      title={Proximal Policy Optimization Algorithms}, 
      author={John Schulman and Filip Wolski and Prafulla Dhariwal and Alec Radford and Oleg Klimov},
      year={2017},
      eprint={1707.06347},
      archivePrefix={arXiv},
      primaryClass={cs.LG}
}

@misc{ho2016generative,
      title={Generative Adversarial Imitation Learning}, 
      author={Jonathan Ho and Stefano Ermon},
      year={2016},
      eprint={1606.03476},
      archivePrefix={arXiv},
      primaryClass={cs.LG}
}

@misc{cohen2022use,
      title={On the Use and Misuse of Absorbing States in Multi-agent Reinforcement Learning}, 
      author={Andrew Cohen and Ervin Teng and Vincent-Pierre Berges and Ruo-Ping Dong and Hunter Henry and Marwan Mattar and Alexander Zook and Sujoy Ganguly},
      year={2022},
      eprint={2111.05992},
      archivePrefix={arXiv},
      primaryClass={cs.LG}
}

@misc{pathak2017curiosity,
      title={Curiosity-driven Exploration by Self-supervised Prediction}, 
      author={Deepak Pathak and Pulkit Agrawal and Alexei A. Efros and Trevor Darrell},
      year={2017},
      eprint={1705.05363},
      archivePrefix={arXiv},
      primaryClass={cs.LG}
}

@online{danielbickppo,
    title={Towards Delivering a Coherent Self-Contained Explanation of Proximal Policy Optimization},
    author={Daniel Bick},
    year={2021},
    url={https://fse.studenttheses.ub.rug.nl/25709/1/mAI_2021_BickD.pdf}
}

@online{self-play,
    title={Training intelligent adversaries using self-play with ML-Agents},
    author={Andrew Cohei},
    year={2020},
    url={https://blog.unity.com/engine-platform/training-intelligent-adversaries-using-self-play-with-ml-agents}
}

@online{ml-agents-config-file,
    title={Training Configuration File - Unity ML-Agents Toolkit},
    author={Unity},
    url={https://unity-technologies.github.io/ml-agents/Training-Configuration-File/}
}

@online{padel-project,
    title={Entorno virtual de p√°del para el aprendizaje por refuerzo},
    author={Jia Long Ji},
    url={https://github.com/jialongjq/tfg}
}


@article{s21103368,
author = {Javadiha, Mohammadreza and Andujar, Carlos and Lacasa, Enrique and Ric, Angel and Susin, Antonio},
title = {Estimating Player Positions from Padel High-Angle Videos: Accuracy Comparison of Recent Computer Vision Methods},
journal = {Sensors},
volume = {21},
year = {2021},
number = {10},
article-number = {3368},
url = {https://www.mdpi.com/1424-8220/21/10/3368}
}